/home/fuller/Code/LaTeX_Presentations/common/sample.bib